@article{Cutler:slides,
	author  = {Adele Cutler},
	title   = {Random Forests for Regression and Classification},
	journal = {},
	volume  = {},
	year    = {2010},
	pages   = {},
	month   = {September},
	number  = {}
}

@article{GuyonLabordere:2BSDE,
	author  = {Julien, Guyon and Pierre-Henry, Labordère},
	title   = {Non Linear Option pricing},
	journal = {},
	volume  = {},
	year    = {2013},
	pages   = {181-184},
	month   = {November},
	number  = {}
}

@article{GuyonLabordere:cva,
	author  = {Julien, Guyon and Pierre-Henry, Labordère},
	title   = {Non Linear Option pricing},
	journal = {},
	volume  = {},
	year    = {2013},
	pages   = {180},
	month   = {November},
	number  = {}
}

@article{touzi:2BSDE,
	author  = {Soner, Touzi, Zhang},
	title   = {Wellposedness of Second Order Backward SDEs},
	journal = {},
	volume  = {},
	year    = {2010},
	pages   = {},
	month   = {September},
	number  = {}
}

@article{cheridito:2BSDE,
	author  = {Cheridito, P., Soner, H.M. and Touzi, N., Victoir},
	title   = {Second order BSDE’s and fully nonlinear PDE’s},
	journal = {Communications in Pure and Applied Mathematics},
	volume  = {},
	year    = {2007},
	pages   = {1081-1110},
	month   = {},
	number  = {}
}



@article{Labart:parallel_algo,
	author  = {Céline Labart, Jérôme Lelong},
	title   = {A Parallel Algorithm for solving BSDEs},
	journal = {Monte Carlo Methods and Applications},
	volume  = {},
	year    = {2013},
	pages   = {11-39},
	month   = {September},
	number  = {}
}

@article{Friedman:2008,
	author  = {Trevor Hastie Robert Tibshirani Jerome Friedman},
	title   = {The Elements of
Statistical Learning},
	journal = {Springer Series in Statistics},
	volume  = {Second Edition},
	year    = {2008},
	pages   = {587-604},
	month   = {},
	number  = {}
}


@article{Gobet:2015,
	author  = {E Gobet, P Turkedjiev},
	title   = {Adaptive importance sampling in least-squares Monte Carlo algorithms for backward stochastic differential
equations},
	journal = {Monte Carlo Methods and Applications},
	volume  = {},
	year    = {2015},
	pages   = {},
	month   = {},
	number  = {}
}

@article{kaggle:housing,
	author  = {Dean De Cock},
	title   = {House Prices},
	journal = {https://www.kaggle.com/c/house-prices-advanced-regression-techniques},
	volume  = {},
	year    = {2016},
	pages   = {},
	month   = {},
	number  = {}
}

@article{touzi:2bsdesimulation,
	author  = {Arash Fahim, Nizar Touzi and Xavier Warin},
	title   = {
A probabilistic numerical method for fully
nonlinear parabolic PDEs},
	journal = {The Annals of Applied Probability},
	volume  = {21},
	year    = {2011},
	pages   = {1322-1364},
	month   = {},
	number  = {4}
}
@article{gobet:picard,
	author  = {Emmanuel GOBET and Céline LABART},
	title   = {
Solving bsde with adaptive control variate},
	journal = {},
	volume  = {},
	year    = {2010},
	pages   = {},
	month   = {},
	number  = {}
}

@article{kloeden2012numerical,
  title={Numerical solution of SDE through computer experiments},
  author={Kloeden, Peter Eris and Platen, Eckhard and Schurz, Henri},
  year={2012},
  publisher={Springer Science \& Business Media}
}

@article{el1997backward,
  title={Backward stochastic differential equations in finance},
  author={El Karoui, Nicole and Peng, Shige and Quenez, Marie Claire},
  journal={Mathematical finance},
  volume={7},
  number={1},
  pages={1--71},
  year={1997},
  publisher={Wiley Online Library}
}

@article{rbsde:elkaroui,
	author  = {By N. El Karoui, C. Kapoudjian, E. Pardoux,S. Peng and M. C. Quenez},
	title   = {Reflected  solutions  of  backward  sde’s,  andrelated  obstacle  problems  for  pde’s},
	journal = {The Annals of Probability},
	volume  = {25},
	year    = {1997},
	pages   = {702-737},
	month   = {},
	number  = {2}
}

@article{warin:amoption,
	author  = {Bouchard B., Warin X.},
	title   = {Monte-Carlo valuation of American options:
facts and new algorithms to improve existing
methods},
	journal = {},
	volume  = {},
	year    = {},
	pages   = {},
	month   = {},
	number  = {}
}

@article{rodgers:amoption,
	author  = {L. C. G. Rogers},
	title   = {Bermudan options by simulation},
	journal = {},
	volume  = {},
	year    = {2016},
	pages   = {},
	month   = {January},
	number  = {}
}

@article{glasserman:amoption,
	author  = {Paul Glasserman},
	title   = {Monte Carlo Methods in Financial Engineering},
	journal = {},
	volume  = {},
	year    = {2004},
	pages   = {421-426, 443-},
	month   = {},
	number  = {}
}

@article{glasserman:broadie,
	author  = {P. Glasserman and M.Broadie},
	title   = {A stochastic mesh method for pricing
high-dimensional American options},
	journal = {Economics and Finance},
	volume  = {},
	year    = {1997},
	pages   = {421-426, 443-},
	month   = {},
	number  = {}
}

@article{bismut:1973,
	author  = {Bismut, J.M},
	title   = { Analyse convexe et probabilités, PhD},
	journal = {},
	volume  = {},
	year    = {1973},
	pages   = {},
	month   = {},
	number  = {}
}

@article{pardoux:1990,
	author  = {Pardoux, and Peng, S. },
	title   = {  Adapted solution of a backward stochastic differential equation},
	journal = {System and Control Letters},
	volume  = {14},
	year    = {1990},
	pages   = {55-61},
	month   = {},
	number  = {}
}

@article{guo:fd,
	author  = {Guangbao Guo},
	title   = {  Finite Differences Method for BSDEs in Finance},
	journal = {},
	volume  = {},
	year    = {2015},
	pages   = {},
	month   = {January},
	number  = {}
}

@article{bender:lsmbsde,
	author  = {Christian Bender and Jessica Steiner},
	title   = {Least-squares Monte Carlo for backward SDEs},
	journal = {},
	volume  = {},
	year    = {2010},
	pages   = {},
	month   = {December},
	number  = {}
}

@article{Gobet:control,
	author  = {Emmanuel Gobet and Céline Labart},
	title   = {Solving bsde with adaptive control variate},
	journal = {Journal of Numerical Analysis},
	volume  = {48},
	year    = {2010},
	pages   = {257-277},
	month   = {},
	number  = {1}
}

@article{milstein:fd,
	author  = {G. N. Milstein
and M. V. Tretyakov},
	title   = {Numerical algorithms for forward-backward
stochastic differential equations},
	journal = {Journal of Computer Science and Computational Mathematics},
	volume  = {48},
	year    = {2006},
	pages   = {561-582},
	month   = {},
	number  = {2}
}

@article{Malliavin, 
	author  = {Yaozhong Hu ,David Nualart and Xiaoming Song},
	title   = {Malliavin calculus for backward stochasticdifferential equations and application to numerical 
	solutions},
	journal = {The annals of Applied Probability},
	volume  = {21},
	year    = {2011},
	pages   = {2379–2423},
	month   = {},
	number  = {6}
}

@article{PDE, 
	author  = {François Delarue and Stéphane Menozzi},
	title   = {A Forward–backward stochastic algorithm for quasi-linear PDEs},
	journal = {The annals of Applied Probability},
	volume  = {16},
	year    = {2006},
	pages   = {140-184},
	month   = {},
	number  = {1}
}



@article{Quantization, 
	author  = {Gilles Pagès, Abass Sagna},
	title   = {Improved error bounds for quantization based numerical schemes for BSDE and nonlinear filtering},
	journal = {},
	volume  = {},
	year    = {2015},
	pages   = {},
	month   = {},
	number  = {}
}
@article{Cubature, 
	author  = {Dan Crisan and Konstantinos Manolarakis},
	title   = {Second order discretization of backward SDEs and simulation with the 
	cubature method},
	journal = {Annals of Applied Probability},
	volume  = {24},
	year    = {2014},
	pages   = {652-678.},
	month   = {},
	number  = {2}
}


@article{glouppe:rf, 
	author  = {Gilles, Louppe},
	title   = {Understanding Random Forests},
	journal = {PhD dissertation},
	volume  = {},
	year    = {2015},
	pages   = {},
	month   = {},
	number  = {}
}

@article{gobet:example, 
	author  = {Emmanuel Gobet, Jean-Philippe Lemor and Xavier Warin},
	title   = {A regression-based monte carlo method to solve
backward stochastic differential equations},
	journal = {Annals of Applied Probability},
	volume  = {15},
	year    = {2005},
	pages   = {2172-2202},
	month   = {},
	number  = {3}
}

@article{broadie2004stochastic,
  title={A stochastic mesh method for pricing high-dimensional American options},
  author={Broadie, Mark and Glasserman, Paul and others},
  journal={Journal of Computational Finance},
  volume={7},
  pages={35--72},
  year={2004},
  publisher={RISK PUBLICATIONS}
}

@article{gobet2008numerical,
  title={Numerical simulation of BSDEs using empirical regression methods: theory and practice},
  author={Gobet, Emmanuel and Lemor, Jean-Philippe},
  journal={arXiv preprint arXiv:0806.4447},
  year={2008}
}

@article{poulsen2009margrabe,
  title={Margrabe formula},
  author={Poulsen, Rolf},
  journal={Encyclopedia of Quantitative Finance},
  year={2009},
  publisher={John Wiley \& Sons, Ltd}
}

@article{el1997reflected,
  title={Reflected solutions of backward SDE's, and related obstacle problems for PDE's},
  author={El Karoui, Nicole and Kapoudjian, Christophe and Pardoux, Etienne and Peng, Shige and Quenez, Marie-Claire},
  journal={the Annals of Probability},
  pages={702--737},
  year={1997},
  publisher={JSTOR}
}
